<record><leader>00000cas a22000007a 4500</leader><controlfield tag="001">15730895</controlfield><controlfield tag="008">870526d18661uuunjucr ne      0    0eng d</controlfield><controlfield tag="009">7722</controlfield><datafield ind1=" " ind2=" " tag="010"><subfield code="a">sn 87068237 </subfield></datafield><datafield ind1=" " ind2=" " tag="040"><subfield code="a">NJW</subfield><subfield code="b">eng</subfield><subfield code="c">NJW</subfield></datafield><datafield ind1="1" ind2=" " tag="029"><subfield code="a">AU@</subfield><subfield code="b">000025792978</subfield></datafield><datafield ind1=" " ind2=" " tag="042"><subfield code="a">msc</subfield></datafield><datafield ind1="0" ind2=" " tag="130"><subfield code="a">Union standard (Elizabeth, N.J.)</subfield></datafield><datafield ind1="0" ind2="0" tag="245"><subfield code="a">Union standard.</subfield></datafield><datafield ind1=" " ind2=" " tag="260"><subfield code="a">Elizabeth, N.J. :</subfield><subfield code="b">J. Madison Drake,</subfield><subfield code="c">1866-</subfield></datafield><datafield ind1=" " ind2=" " tag="300"><subfield code="a">v.</subfield></datafield><datafield ind1=" " ind2=" " tag="310"><subfield code="a">Semiweekly</subfield></datafield><datafield ind1=" " ind2=" " tag="321"><subfield code="a">Weekly</subfield></datafield><datafield ind1="0" ind2=" " tag="362"><subfield code="a">Vol. 1, no. 1 (June 14, 1866)-</subfield></datafield><datafield ind1=" " ind2=" " tag="530"><subfield code="a">Also issued on microfilm as part of the Civil War newspapers collection.</subfield></datafield><datafield ind1=" " ind2=" " tag="500"><subfield code="a">Editor: DeWitt C. Stanford, &lt;1866&gt;.</subfield></datafield><datafield ind1=" " ind2=" " tag="752"><subfield code="a">United States</subfield><subfield code="b">New Jersey</subfield><subfield code="c">Union</subfield><subfield code="d">Elizabeth.</subfield></datafield></record>